@article{dong2008evaluation,
  title={Evaluation and optimization of hepatocyte culture media factors by design of experiments (DoE) methodology},
  author={Dong, Jia and Mandenius, Carl-Fredrik and L{\"u}bberstedt, Marc and Urbaniak, Thomas and N{\"u}ssler, Andreas KN and Knobeloch, Daniel and Gerlach, J{\"o}rg C and Zeilinger, Katrin},
  journal={Cytotechnology},
  volume={57},
  number={3},
  pages={251--261},
  year={2008},
  publisher={Springer}
}
@article{mandenius2008bioprocess,
  title={Bioprocess optimization using design-of-experiments methodology},
  author={Mandenius, Carl-Fredrik and Brundin, Anders},
  journal={Biotechnology progress},
  volume={24},
  number={6},
  pages={1191--1203},
  year={2008},
  publisher={Wiley Online Library}
}